% Optional fields: author, title, howpublished, month, year, note
@MISC{Shiffman,
	author = {Daniel Shiffman},
	title = {The Nature of Code},
	chapter = {Autonomous Agents},
	howpublished = {Internet: http://natureofcode.com/book/},
	note = {[Aug. 15, 2016]}
}

% Optional fields: volume/number, series, type, address, edition, month, note
@INBOOK{StrongAI,
	author = {Stuart J. Russel and Peter Norvig},
	title = {Artificial Intelligence: A Modern Approach},
	chapter = {Philosophical Foundations},
	publisher = {Prentice Hall},
	year = {2010},
	edition = {3rd ed.},
	pages = {1020--1022}
}

@misc{NPProblem,
    author = {Eric W. Weisstein},
    title = {NP-Problem},
    howpublished = {from Mathworld, a Wolfram Web Resource. Internet: http://mathworld.wolfram.com/NP-Problem.html},
    note = {[Aug. 16, 2016]}
}

@misc{PProblem,
    author = {Eric W. Weisstein},
    title = {P-Problem},
    howpublished = "from Mathworld, a Wolfram Web Resource. Internet: http://mathworld.wolfram.com/P-Problem.html",
    note = {[Aug. 16, 2016]}
}
% Optional fields: volume/number, series, type, address, edition, month, note
@INBOOK{CI,
	author = {David Poole and Alan Mackworth and Randy Goebel},
	title = {Computational Intelligence: a Logical Approach},
	chapter = {Computational Intelligence and Knowledge},
	publisher = {Oxford University Press},
	address = {New York},
	year = {1998},
	pages = {1--3}
}

@INBOOK{MDP,
	author = {Stuart J. Russel and Peter Norvig},
	title = {Artificial Intelligence: A Modern Approach},
	chapter = {Making Complex Decisions},
	publisher = {Prentice Hall},
	year = {2010},
	edition = {3rd ed.},
	pages = {645--647}
}

@InCollection{CogSci,
	author       =	{Paul Thagard},
	title        =	{Cognitive Science},
	booktitle    =	{The Stanford Encyclopedia of Philosophy},
	editor       =	{Edward N. Zalta},
	howpublished =	"http://plato.stanford.edu/archives/fall2014/entries/cognitive-science/",
	year         =	{2014},
	edition      =	{Fall 2014},
}
% Optional fields: author, title, howpublished, month, year, note
@MISC{heur,
	title = {Heuristic},
	author = {Merriam Webster},
	howpublished = "from Merriam-Webster.com. Internet: http://www.merriam-webster.com/dictionary/heuristic",
	note = {[Aug. 16, 2016]},
}

@INBOOK{TechSing,
	author = {Stuart J. Russel and Peter Norvig},
	title = {Artificial Intelligence: A Modern Approach},
	chapter = {Philosophical Foundations},
	publisher = {Prentice Hall},
	year = {2010},
	edition = {3rd ed.},
	pages = {1037--1038}
}

@MISC{Big,
	title = {What is Big Data?},
	author = {IBM},
	howpublished = "from IBM.com. Internet: https://www.ibm.com/big-data/",
	note = {[Aug. 16, 2016]}
}

@INBOOK{Onto,
	author = {Stuart J. Russel and Peter Norvig},
	title = {Artificial Intelligence: A Modern Approach},
	chapter = {First-Order Logic},
	publisher = {Prentice Hall},
	year = {2010},
	edition = {3rd ed.},
	pages = {307--308}
}

% Optional fields: author, title, howpublished, month, year, note
@MISC{Carter15,
	author = {Jamie Carter},
	title = {When will Singularity happen -- and will it turn Earth into heaven or hell?},
	year = {2015},
	howpublished = "from TechRadar.com. Internet: http://www.techradar.com/news/world-of-tech/when-will-singularity-happen-and-will-it-turn-earth-into-heaven-or-hell--1287624",
	note = {[Aug. 18, 2016]},
}

% Optional fields: author, title, howpublished, month, year, note
@MISC{Utopia13,
	author = {Singularity Utopia},
	title = {Is The Singularity Happening Now?},
	year = {2013},
	howpublished = "from Singularity Weblog. Internet: https://www.singularityweblog.com/is-the-singularity-happening-now/",
	note = {[Aug. 18, 2016]}
}

% Optional fields: volume, number, pages, month, note
@ARTICLE{Bostron03,
	author = {Nick Bostron},
	title = {Ethical Issues in Advanced Artificial Intelligence},
	journal = {Cognitive, Emotive and Ethical Aspects of Decision Making in Humans and in Artificial Intelligence},
	year = {2003},
	volume = {2},
	number = {1},
	pages = {12--17}
}

% Optional fields: volume, number, pages, month, note
@ARTICLE{Bostron98,
	author = {Nick Bostrom},
	title = {How Long Before Superintelligence?},
	journal = {International Journal of Future Studies},
	year = {1998},
	volume = {2}
}

% Optional fields: volume/number, series, address, edition, month, note
@BOOK{Yudkowsky01,
	author = {Eliezer Yudkowsky},
	title = {Creating Friendly {AI} 1.0: The Analysis and Design of Benevolent Goal Architectures},
	publisher = {The Singularity Institute},
	year = {2001},
	month = {June},
	address = {San Francisco, CA, USA}
}

@article{Tugui04,
 author = {Alexandru Tugui},
 title = {Reflections on the Limits of Artificial Intelligence},
 journal = {Ubiquity},
 volume = {2004},
 month = {December},
 year = {2004},
 pages = {2--2},
 url = {http://doi.acm.org/10.1145/1041062.1041064},
 publisher = {ACM},
 address = {New York, NY, USA}
}

% Optional fields: author, title, howpublished, month, year, note
@MISC{Urban15,
	author = {Tim Urban},
	title = {The {AI} REvolution: The Road to Superintelligence},
	year = {2015},
	howpublished = "from WaitButWhy. Internet: http://waitbutwhy.com/2015/01/artificial-intelligence-revolution-1.html",
	note = {[Aug. 18, 2016]}
}


% Optional fields: author, title, howpublished, month, year, note
@MISC{Urban15B,
	author = {Tim Urban},
	title = {The {AI} REvolution: Our Immortality or Extinction},
	year = {2015},
howpublished = "from WaitButWhy. Internet: http://waitbutwhy.com/2015/01/artificial-intelligence-revolution-2.html",
	note = {[Aug. 18, 2016]}
}