% Optional fields: author, title, howpublished, month, year, note
@MISC{Shiffman,
	author = {Daniel Shiffman},
	title = {The Nature of Code},
	chapter = {Autonomous Agents},
	howpublished = {Internet},
	note = {[Aug. 15, 2016]}
}

% Optional fields: volume/number, series, type, address, edition, month, note
@INBOOK{StrongAI,
	author = {Stuart J. Russel and Peter Norvig},
	title = {Artificial Intelligence: A Modern Approach},
	chapter = {Philosophical Foundations},
	publisher = {Prentice Hall},
	year = {2010},
	edition = {3rd ed.},
	pages = {1020--1022}
}

@misc{NPProblem,
    author = {Eric W. Weisstein},
    title = {NP-Problem},
    howpublished = {Internet},
    note = {from Mathworld, a Wolfram Web Resource},
    url = {http://mathworld.wolfram.com/NP-Problem.html}
}

@misc{PProblem,
    author = {Eric W. Weisstein},
    title = {P-Problem},
    howpublished = {Internet},
    note = {from Mathworld, a Wolfram Web Resource},
    url = {http://mathworld.wolfram.com/P-Problem.html}
}
% Optional fields: volume/number, series, type, address, edition, month, note
@INBOOK{CI,
	author = {David Poole and Alan Mackworth and Randy Goebel},
	title = {Computational Intelligence: a Logical Approach},
	chapter = {Computational Intelligence and Knowledge},
	publisher = {Oxford University Press},
	address = {New York},
	year = {1998},
	pages = {1--3}
}

@INBOOK{MDP,
	author = {Stuart J. Russel and Peter Norvig},
	title = {Artificial Intelligence: A Modern Approach},
	chapter = {Making Complex Decisions},
	publisher = {Prentice Hall},
	year = {2010},
	edition = {3rd ed.},
	pages = {645--647}
}

@InCollection{CogSci,
	author       =	{Paul Thagard},
	title        =	{Cognitive Science},
	booktitle    =	{The Stanford Encyclopedia of Philosophy},
	editor       =	{Edward N. Zalta},
	howpublished =	{\url{http://plato.stanford.edu/archives/fall2014/entries/cognitive-science/}},
	year         =	{2014},
	edition      =	{Fall 2014},
}
% Optional fields: author, title, howpublished, month, year, note
@MISC{heur,
	title = {Heuristic},
	author = {Merriam Webster},
	howpublished = {Internet},
	note = {from Merriam-Webster.com. [Aug. 16, 2016]},
	url = {http://www.merriam-webster.com/dictionary/heuristic}
}

@INBOOK{TechSing,
	author = {Stuart J. Russel and Peter Norvig},
	title = {Artificial Intelligence: A Modern Approach},
	chapter = {Philosophical Foundations},
	publisher = {Prentice Hall},
	year = {2010},
	edition = {3rd ed.},
	pages = {1037--1038}
}

@MISC{Big,
	title = {What is Big Data?},
	author = {IBM},
	howpublished = {Internet},
	note = {from IBM.com. [Aug. 16, 2016]},
	url = {https://www.ibm.com/big-data/}
}

@INBOOK{Onto,
	author = {Stuart J. Russel and Peter Norvig},
	title = {Artificial Intelligence: A Modern Approach},
	chapter = {First-Order Logic},
	publisher = {Prentice Hall},
	year = {2010},
	edition = {3rd ed.},
	pages = {307--308}
}